<collection xmlns="http://www.loc.gov/MARC21/slim">
<record>
  <leader>02157nam0a2200337 i 450 </leader>
  <controlfield tag="001">IT\ICCU\CNCE\076915</controlfield>
  <controlfield tag="005">20130412000000.0</controlfield>
  <datafield tag="012" ind1=" " ind2=" ">
    <subfield code="a">paon leeu nain nedi (3) 1529 (R)</subfield>
    <subfield code="2">fei</subfield>
  </datafield>
  <datafield tag="100" ind1=" " ind2=" ">
    <subfield code="a">20111027d1529        0itac0103    ba</subfield>
  </datafield>
  <datafield tag="101" ind1=" " ind2=" ">
    <subfield code="a">LAT</subfield>
  </datafield>
  <datafield tag="102" ind1=" " ind2=" ">
    <subfield code="a">IT</subfield>
  </datafield>
  <datafield tag="200" ind1="1" ind2=" ">
    <subfield code="a">℗D. Baldi de Perusio i.v.d. claris. ℗Lectura super ff. nouo \!! cum eiusdem d. Baldi addi. cumque utilissimis trac. de pac. et de consti. antea non impressis. Necnon cum additionibus domini Benedicti de Vadis Forosemproniensis iur. vtriusque doc. ac etiamcum summarijs et concordantijs domini Ioannis Thyery Lingonensis iuris vtriusque docto. Nouissime vero fideliter reuisa et emendata. Et cum suo alphabetico copiossissimoque repertorio summa diligentia: et vigilanti studio impressa</subfield>
  </datafield>
  <datafield tag="210" ind1=" " ind2=" ">
    <subfield code="e">Venetijs</subfield>
    <subfield code="g">Philippi Pincij Mantuani</subfield>
    <subfield code="g">expensis d. Io. Bartholomei de Gabiano ciuis Astensis</subfield>
    <subfield code="h">1529 mense Iunij</subfield>
  </datafield>
  <datafield tag="215" ind1=" " ind2=" ">
    <subfield code="a">XLII, \1! c.</subfield>
    <subfield code="c">ill.</subfield>
    <subfield code="d">fol</subfield>
  </datafield>
  <datafield tag="620" ind1=" " ind2=" ">
    <subfield code="a">IT</subfield>
    <subfield code="d">Venezia</subfield>
  </datafield>
  <datafield tag="700" ind1=" " ind2="1">
    <subfield code="a">Ubaldi,</subfield>
    <subfield code="b">Baldo : degli</subfield>
    <subfield code="3">IT\ICCU\CNCA\000077</subfield>
  </datafield>
  <datafield tag="702" ind1=" " ind2="1">
    <subfield code="a">Thierry,</subfield>
    <subfield code="b">Jean</subfield>
    <subfield code="3">IT\ICCU\CNCA\001110</subfield>
  </datafield>
  <datafield tag="702" ind1=" " ind2="1">
    <subfield code="a">Vadi,</subfield>
    <subfield code="b">Benedetto</subfield>
    <subfield code="3">IT\ICCU\CNCA\000008</subfield>
  </datafield>
  <datafield tag="712" ind1="0" ind2="0">
    <subfield code="a">Pinzi, Filippo</subfield>
    <subfield code="c"> &lt;1.&gt;</subfield>
    <subfield code="3">IT\ICCU\CNCT\001506</subfield>
    <subfield code="4">650</subfield>
  </datafield>
  <datafield tag="712" ind1="0" ind2="0">
    <subfield code="a">Gabiano, Giovanni Bartolomeo</subfield>
    <subfield code="3">IT\ICCU\CNCT\001763</subfield>
    <subfield code="4">650</subfield>
  </datafield>
  <datafield tag="790" ind1=" " ind2="0">
    <subfield code="a">Baldo</subfield>
    <subfield code="c"> : degli#Ubaldi</subfield>
    <subfield code="3">IT\ICCU\CNCA\007674</subfield>
    <subfield code="z">Ubaldi, Baldo : degli</subfield>
  </datafield>
  <datafield tag="790" ind1=" " ind2="0">
    <subfield code="a">Baldus</subfield>
    <subfield code="c"> : Perusinus</subfield>
    <subfield code="3">IT\ICCU\CNCA\007676</subfield>
    <subfield code="z">Ubaldi, Baldo : degli</subfield>
  </datafield>
  <datafield tag="790" ind1=" " ind2="0">
    <subfield code="a">Baldus</subfield>
    <subfield code="c"> : de#Perusio</subfield>
    <subfield code="3">IT\ICCU\CNCA\012449</subfield>
    <subfield code="z">Ubaldi, Baldo : degli</subfield>
  </datafield>
  <datafield tag="790" ind1=" " ind2="0">
    <subfield code="a">Baldus</subfield>
    <subfield code="c"> &lt;giurista&gt;</subfield>
    <subfield code="3">IT\ICCU\CNCA\023536</subfield>
    <subfield code="z">Ubaldi, Baldo : degli</subfield>
  </datafield>
  <datafield tag="790" ind1=" " ind2="1">
    <subfield code="a">Vadis,</subfield>
    <subfield code="b">Benedictus : de</subfield>
    <subfield code="3">IT\ICCU\CNCA\022667</subfield>
    <subfield code="z">Vadi, Benedetto</subfield>
  </datafield>
  <datafield tag="791" ind1="0" ind2="0">
    <subfield code="a">Pincius, Philippus</subfield>
    <subfield code="c"> &lt;1.&gt;</subfield>
    <subfield code="3">IT\ICCU\CNCT\004047</subfield>
    <subfield code="z">Pinzi, Filippo &lt;1.&gt;</subfield>
  </datafield>
  <datafield tag="791" ind1="0" ind2="0">
    <subfield code="a">Astensis, Ioannes Bartholomaeus</subfield>
    <subfield code="3">IT\ICCU\CNCT\003824</subfield>
    <subfield code="z">Gabiano, Giovanni Bartolomeo</subfield>
  </datafield>
  <datafield tag="801" ind1=" " ind2="3">
    <subfield code="a">IT</subfield>
    <subfield code="b">ICCU</subfield>
    <subfield code="c">20201115</subfield>
  </datafield>
  <datafield tag="899" ind1=" " ind2=" ">
    <subfield code="a">Biblioteca comunale. Treviso</subfield>
    <subfield code="1">TV0114</subfield>
    <subfield code="2">VIA CT</subfield>
  </datafield>
  <datafield tag="911" ind1=" " ind2=" ">
    <subfield code="a">Sul front.</subfield>
    <subfield code="9">IT\ICCU\CNCM\000878</subfield>
  </datafield>
  <datafield tag="921" ind1=" " ind2=" ">
    <subfield code="a">IT\ICCU\CNCM\000878</subfield>
    <subfield code="b">Ellissoide e croce doppia con iniziali Phi. P. In cornice</subfield>
    <subfield code="e">Laudate Dominum omnes gentes</subfield>
    <subfield code="c">K264</subfield>
    <subfield code="c">Z483</subfield>
    <subfield code="d">Dimensioni: 17 x 21</subfield>
    <subfield code="f">CROCE</subfield>
    <subfield code="f">PHI.P.</subfield>
    <subfield code="f">LAUDATEDOM</subfield>
    <subfield code="g">1519-1536</subfield>
  </datafield>
</record>
</collection>
